<record><leader>00834cam a22002411  4500</leader><controlfield tag="001">100209199</controlfield><controlfield tag="003">MiAaHDL</controlfield><controlfield tag="005">20141013010000.0</controlfield><controlfield tag="006">m        d        </controlfield><controlfield tag="007">cr bn ---auaua</controlfield><controlfield tag="008">900530e190u06uugw                  ger u</controlfield><datafield tag="035" ind1=" " ind2=" "><subfield code="a">sdr-uiuc2218277</subfield></datafield><datafield tag="035" ind1=" " ind2=" "><subfield code="a">uil00025845</subfield></datafield><datafield tag="035" ind1=" " ind2=" "><subfield code="9">UC 08077621</subfield></datafield><datafield tag="035" ind1=" " ind2=" "><subfield code="9">AQJ-0335</subfield></datafield><datafield tag="035" ind1=" " ind2=" "><subfield code="a">(OCoLC)72417396</subfield></datafield><datafield tag="040" ind1=" " ind2=" "><subfield code="d">UtOrBLW</subfield></datafield><datafield tag="100" ind1="1" ind2=" "><subfield code="a">Andreyev, Leonid,</subfield><subfield code="d">1871-1919.</subfield></datafield><datafield tag="245" ind1="1" ind2="0"><subfield code="a">Novellen /</subfield><subfield code="c">Aus dem Russischen von Alexis von Krusenstjerna.</subfield></datafield><datafield tag="260" ind1=" " ind2=" "><subfield code="a">Leipzig :</subfield><subfield code="b">P. Reclam,</subfield><subfield code="c">jun. [190-?]</subfield></datafield><datafield tag="300" ind1=" " ind2=" "><subfield code="a">86 p. ;</subfield><subfield code="c">16 cm.</subfield></datafield><datafield tag="490" ind1="0" ind2=" "><subfield code="a">Reclams Universal Bibliothek ;</subfield><subfield code="v">Nr. 4480</subfield></datafield><datafield tag="505" ind1="0" ind2=" "><subfield code="a">Schweigen -- Wolli -- Die Sturmglocke -- Das Eugelchen -- Lachen -- Lüge.</subfield></datafield><datafield tag="538" ind1=" " ind2=" "><subfield code="a">Mode of access: Internet.</subfield></datafield><datafield tag="CID" ind1=" " ind2=" "><subfield code="a">100209199</subfield></datafield><datafield tag="DAT" ind1="0" ind2=" "><subfield code="a">20071129225259.0</subfield><subfield code="b">20141013010000.0</subfield></datafield><datafield tag="DAT" ind1="1" ind2=" "><subfield code="a">20141112180603.0</subfield><subfield code="b">2022-04-17T18:00:18Z</subfield></datafield><datafield tag="DAT" ind1="2" ind2=" "><subfield code="a">2022-04-17T17:30:02Z</subfield></datafield><datafield tag="CAT" ind1=" " ind2=" "><subfield code="a">SDR-UIUC</subfield><subfield code="d">UNKNOWN</subfield><subfield code="l">loader.pl-003-020</subfield></datafield><datafield tag="FMT" ind1=" " ind2=" "><subfield code="a">BK</subfield></datafield><datafield tag="HOL" ind1=" " ind2=" "><subfield code="0">sdr-uiuc2218277</subfield><subfield code="a">uiug</subfield><subfield code="b">SDR</subfield><subfield code="c">UIUC</subfield><subfield code="p">uiug.30112046498256</subfield><subfield code="s">UIU</subfield><subfield code="1">2218277</subfield></datafield><datafield tag="974" ind1=" " ind2=" "><subfield code="b">UIU</subfield><subfield code="c">UIUC</subfield><subfield code="d">20220417</subfield><subfield code="s">google</subfield><subfield code="u">uiug.30112046498256</subfield><subfield code="y">1909</subfield><subfield code="r">pdus</subfield><subfield code="q">bib</subfield><subfield code="t">non-US bib date1, date type e between 1897 and 1927</subfield></datafield></record>